<?xml version="1.0" encoding="UTF-8"?><record xmlns="http://www.loc.gov/MARC21/slim" xmlns:cinclude="http://apache.org/cocoon/include/1.0" xmlns:zs="http://www.loc.gov/zing/srw/">
  <leader>00711cz  a2200157n  4500</leader>
  <controlfield tag="001">n  78043510 </controlfield>
  <controlfield tag="003">DLC</controlfield>
  <controlfield tag="005">20120809075932.0</controlfield>
  <controlfield tag="008">780721n| aaannaabn          |n ana      </controlfield>
  <datafield tag="010" ind1=" " ind2=" ">
    <subfield code="a">n  78043510 </subfield>
  </datafield>
  <datafield tag="035" ind1=" " ind2=" ">
    <subfield code="a">(OCoLC)oca00179430</subfield>
  </datafield>
  <datafield tag="040" ind1=" " ind2=" ">
    <subfield code="a">DLC</subfield>
    <subfield code="b">eng</subfield>
    <subfield code="c">DLC</subfield>
    <subfield code="d">OCoLC</subfield>
    <subfield code="d">DLC</subfield>
  </datafield>
  <datafield tag="110" ind1="1" ind2=" ">
    <subfield code="a">London.</subfield>
    <subfield code="b">Goldsmiths' Company.</subfield>
    <subfield code="b">Technical Advisory Committee</subfield>
  </datafield>
  <datafield tag="667" ind1=" " ind2=" ">
    <subfield code="a">THIS 1XX FIELD CANNOT BE USED UNDER RDA UNTIL THIS RECORD HAS BEEN REVIEWED AND/OR UPDATED</subfield>
  </datafield>
  <datafield tag="670" ind1=" " ind2=" ">
    <subfield code="a">Its Special report ; no. 30 (ser.) O'Donoghue, M. Synthetic gems, 1976:</subfield>
    <subfield code="b">cover (The Worshipful Company of Goldsmiths, Technical Advisory Committee)</subfield>
  </datafield>
  <datafield tag="670" ind1=" " ind2=" ">
    <subfield code="a">GB 78-08428</subfield>
    <subfield code="b">(body of entry: Worshipful Company of Goldsmiths. Technical Advisory Committee)</subfield>
  </datafield>
</record>